@misc{latex,
  author = {LaTeX},
  title  = {A Document Preparation System},
  note   = {(consult√© le 07 mars 2017)}
}